@inproceedings{razzaque2002redirected,
  title={Redirected walking in place},
  author={Razzaque, Sharif and Swapp, David and Slater, Mel and Whitton, Mary C and Steed, Anthony},
  booktitle={Egve},
  volume={2},
  pages={123--130},
  year={2002}
}

@book{razzaque2005redirected,
  title={Redirected walking},
  author={Razzaque, Sharif},
  year={2005},
  publisher={The University of North Carolina at Chapel Hill}
}

@inproceedings{suma2012taxonomy,
  title={A taxonomy for deploying redirection techniques in immersive virtual environments},
  author={Suma, Evan A and Bruder, Gerd and Steinicke, Frank and Krum, David M and Bolas, Mark},
  booktitle={2012 IEEE Virtual Reality Workshops (VRW)},
  pages={43--46},
  year={2012},
  organization={IEEE}
}

@inproceedings{steinicke2008analyses,
  title={Analyses of human sensitivity to redirected walking},
  author={Steinicke, Frank and Bruder, Gerd and Jerald, Jason and Frenz, Harald and Lappe, Markus},
  booktitle={Proceedings of the 2008 ACM symposium on Virtual reality software and technology},
  pages={149--156},
  year={2008}
}

@article{langbehn2017bending,
  title={Bending the curve: Sensitivity to bending of curved paths and application in room-scale vr},
  author={Langbehn, Eike and Lubos, Paul and Bruder, Gerd and Steinicke, Frank},
  journal={IEEE transactions on visualization and computer graphics},
  volume={23},
  number={4},
  pages={1389--1398},
  year={2017},
  publisher={IEEE}
}

@inproceedings{langbehn2017application,
  title={Application of redirected walking in room-scale VR},
  author={Langbehn, Eike and Lubos, Paul and Bruder, Gerd and Steinicke, Frank},
  booktitle={2017 IEEE Virtual Reality (VR)},
  pages={449--450},
  year={2017},
  organization={IEEE}
}

@article{bruder2015cognitive,
  title={Cognitive resource demands of redirected walking},
  author={Bruder, Gerd and Lubos, Paul and Steinicke, Frank},
  journal={IEEE transactions on visualization and computer graphics},
  volume={21},
  number={4},
  pages={539--544},
  year={2015},
  publisher={IEEE}
}

@article{bolte2015subliminal,
  title={Subliminal reorientation and repositioning in immersive virtual environments using saccadic suppression},
  author={Bolte, Benjamin and Lappe, Markus},
  journal={IEEE transactions on visualization and computer graphics},
  volume={21},
  number={4},
  pages={545--552},
  year={2015},
  publisher={IEEE}
}

@inproceedings{thomas2020towards,
  title={Towards physically interactive virtual environments: Reactive alignment with redirected walking},
  author={Thomas, Jerald and Hutton Pospick, Courtney and Suma Rosenberg, Evan},
  booktitle={Proceedings of the 26th ACM Symposium on Virtual Reality Software and Technology},
  pages={1--10},
  year={2020}
}

@inproceedings{interrante2007seven,
  title={Seven league boots: A new metaphor for augmented locomotion through moderately large scale immersive virtual environments},
  author={Interrante, Victoria and Ries, Brian and Anderson, Lee},
  booktitle={2007 IEEE Symposium on 3D User interfaces},
  year={2007},
  organization={IEEE}
}

@inproceedings{williams2007exploring,
  title={Exploring large virtual environments with an HMD when physical space is limited},
  author={Williams, Betsy and Narasimham, Gayathri and Rump, Bjoern and McNamara, Timothy P and Carr, Thomas H and Rieser, John and Bodenheimer, Bobby},
  booktitle={Proceedings of the 4th symposium on Applied perception in graphics and visualization},
  pages={41--48},
  year={2007}
}

@inproceedings{jerald2008sensitivity,
  title={Sensitivity to scene motion for phases of head yaws},
  author={Jerald, Jason and Peck, Tabitha and Steinicke, Frank and Whitton, Mary},
  booktitle={Proceedings of the 5th Symposium on Applied Perception in Graphics and Visualization},
  pages={155--162},
  year={2008}
}

@inproceedings{peck2011evaluation,
  title={An evaluation of navigational ability comparing redirected free exploration with distractors to walking-in-place and joystick locomotio interfaces},
  author={Peck, Tabitha C and Fuchs, Henry and Whitton, Mary C},
  booktitle={2011 IEEE Virtual Reality Conference},
  pages={55--62},
  year={2011},
  organization={IEEE}
}

@inproceedings{suma2011leveraging,
  title={Leveraging change blindness for redirection in virtual environments},
  author={Suma, Evan A and Clark, Seth and Krum, David and Finkelstein, Samantha and Bolas, Mark and Warte, Zachary},
  booktitle={2011 IEEE Virtual Reality Conference},
  pages={159--166},
  year={2011},
  organization={IEEE}
}

@article{suma2012impossible,
  title={Impossible spaces: Maximizing natural walking in virtual environments with self-overlapping architecture},
  author={Suma, Evan A and Lipps, Zachary and Finkelstein, Samantha and Krum, David M and Bolas, Mark},
  journal={IEEE Transactions on Visualization and Computer Graphics},
  volume={18},
  number={4},
  pages={555--564},
  year={2012},
  publisher={IEEE}
}

@inproceedings{thomas2019general,
  title={A general reactive algorithm for redirected walking using artificial potential functions},
  author={Thomas, Jerald and Rosenberg, Evan Suma},
  booktitle={2019 IEEE Conference on Virtual Reality and 3D User Interfaces (VR)},
  pages={56--62},
  year={2019},
  organization={IEEE}
}

@article{hodgson2013comparing,
  title={Comparing four approaches to generalized redirected walking: Simulation and live user data},
  author={Hodgson, Eric and Bachmann, Eric},
  journal={IEEE transactions on visualization and computer graphics},
  volume={19},
  number={4},
  pages={634--643},
  year={2013},
  publisher={IEEE}
}